<record><leader>00000cas a22000007a 4500</leader><controlfield tag="001">10926071</controlfield><controlfield tag="008">840707d19721988ohuwr ne      0    0eng d</controlfield><datafield ind1=" " ind2=" " tag="010"><subfield code="a">sn 84028336 </subfield></datafield><datafield ind1=" " ind2=" " tag="040"><subfield code="a">NPY</subfield><subfield code="b">eng</subfield><subfield code="c">NPY</subfield><subfield code="d">ONP</subfield><subfield code="d">OCLCQ</subfield></datafield><datafield ind1=" " ind2=" " tag="042"><subfield code="a">msc</subfield></datafield><datafield ind1="0" ind2=" " tag="130"><subfield code="a">Light (North Ridgeville, Ohio)</subfield></datafield><datafield ind1="1" ind2="4" tag="245"><subfield code="a">The Light.</subfield></datafield><datafield ind1=" " ind2=" " tag="260"><subfield code="a">North Ridgeville, Ohio :</subfield><subfield code="b">D.R. Hawley,</subfield><subfield code="c">1972-1988.</subfield></datafield><datafield ind1=" " ind2=" " tag="300"><subfield code="a">v. :</subfield><subfield code="b">ill. ;</subfield><subfield code="c">57 cm.</subfield></datafield><datafield ind1=" " ind2=" " tag="310"><subfield code="a">Weekly</subfield></datafield><datafield ind1="0" ind2=" " tag="362"><subfield code="a">Vol. 6, no. 24 (June 14, 1972)-v. 21, no. 39 (Sept. 27, 1988).</subfield></datafield><datafield ind1=" " ind2=" " tag="752"><subfield code="a">United States</subfield><subfield code="b">Ohio</subfield><subfield code="c">Lorain</subfield><subfield code="d">North Ridgeville.</subfield></datafield><datafield ind1="0" ind2="0" tag="780"><subfield code="t">North Ridgeville light</subfield><subfield code="w">(DLC)sn 84028335</subfield></datafield><datafield ind1="0" ind2="7" tag="785"><subfield code="t">North Ridgeville press</subfield></datafield><datafield ind1="0" ind2="7" tag="785"><subfield code="t">North Ridgeville press &amp; the light</subfield><subfield code="w">(DLC)sn 89076140</subfield></datafield></record>